@online{focale,
Journal = {Nikon},
Title = {Comprendre la longueur focale},
Url = {https://fr.nikon.ca/learn-and-explore/a/tips-and-techniques/comprendre-la-longueur-focale.html},
Urldate = {2021}
}