@online{black,
    author = {Python Software Foundation},
    title  = {The Uncompromising Code Formatter},
    url    = {https://github.com/psf/black},
    year   = {2021},
}

@online{build,
    author = {Python Packaging Authority },
    title  = {build},
    url    = {https://github.com/pypa/build},
    year   = {2020},
}

@online{flake8,
    author = {Python Code Quality Authority},
    title  = {Flake8},
    url    = {https://github.com/PyCQA/flake8},
    year   = {2021},
}

@online{flake8_bandit,
    author = {Tyler Wince},
    title  = {flake8-bandit},
    url    = {https://github.com/tylerwince/flake8-bandit},
    year   = {2020},
}

@online{flake8_bugbear,
    author = {Python Code Quality Authority},
    title  = {flake8-bugbear},
    url    = {https://github.com/PyCQA/flake8-bugbear},
    year   = {2021},
}

@online{flake8_docstrings,
    author = {Python Code Quality Authority},
    title  = {flake8-docstrings},
    url    = {https://gitlab.com/pycqa/flake8-docstrings},
    year   = {2021},
}

@online{flake8_import_order,
    author = {Python Code Quality Authority},
    title  = {flake8-import-order},
    url    = {https://github.com/PyCQA/flake8-import-order},
    year   = {2019},
}

@online{flake8_pytest_style,
    author = {Mikhail Burshteyn},
    title  = {flake8-pytest-style},
    url    = {https://github.com/m-burst/flake8-pytest-style},
    year   = {2021},
}

@online{flake8_return,
    author = {Afonasev Evgeniy},
    title  = {flake8-return},
    url    = {https://github.com/afonasev/flake8-return},
    year   = {2021},
}

@online{imutils,
    author = {PyImageSearch},
    title  = {imutils},
    url    = {https://github.com/PyImageSearch/imutils},
    year   = {2020},
}

@online{loggingFormat,
    author = {Python Software Foundation},
    title  = {Using particular formatting styles throughout your application},
    url    = {https://docs.python.org/3/howto/logging-cookbook.html#formatting-styles},
    year   = {2022},
}

@online{mock_gpio,
    author = {Aananth K},
    title  = {Mock.GPIO},
    url    = {https://github.com/codenio/Mock.GPIO},
    year   = {2021},
}

@online{mypy,
    author = {Python},
    title  = {Mypy: Static Typing for Python},
    url    = {https://github.com/python/mypy},
    year   = {2022},
}

@online{numpy,
    author = {NumPy},
    title  = {NumPy},
    url    = {https://numpy.org/},
    year   = {2021},
}

@online{opencv,
    author = {OpenCV},
    title  = {OpenCV on Wheels},
    url    = {https://github.com/opencv/opencv-python},
    year   = {2021},
}

@online{pep8,
    author = {Guido van Rossum \& Barry Warsaw \& Nick Coghlan},
    title  = {PEP 8 -- Style Guide for Python Code},
    url    = {https://www.python.org/dev/peps/pep-0008/},
    year   = {2021},
}

@online{pep8_naming,
    author = {Python Code Quality Authority},
    title  = {PEP 8 Naming Conventions},
    url    = {https://github.com/PyCQA/pep8-naming},
    year   = {2021},
}

@online{pip,
    author = {Python Packaging Authority},
    title  = {pip},
    url    = {https://github.com/pypa/pip},
    year   = {2021},
}

@online{pytest,
    author = {pytest-dev},
    title  = {pytest: helps you write better programs},
    url    = {https://docs.pytest.org/en/latest/},
    year   = {2022},
}

@online{pytest_cov,
    author = {pytest-dev},
    title  = {pytest-cov},
    url    = {https://github.com/pytest-dev/pytest-cov},
    year   = {2021},
}

@online{pytest_mock,
    author = {pytest-dev},
    title  = {pytest-mock},
    url    = {https://github.com/pytest-dev/pytest-mock/},
    year   = {2020},
}

@online{python,
    author = {Python Software Foundation},
    title  = {Python 3.8.12 documentation},
    url    = {https://docs.python.org/3.8/index.html},
    year   = {2021},
}

@online{python_toml,
    author = {Will Pearson},
    title  = {TOML},
    url    = {https://github.com/uiri/tomln},
    year   = {2020},
}

@online{rpi_gpio,
    author = {Ben Croston},
    title  = {raspberry-gpio-python},
    url    = {https://sourceforge.net/projects/raspberry-gpio-python/},
    year   = {2021},
}

@online{setuptools,
    author = {Python Packaging Authority },
    title  = {setuptools},
    url    = {https://github.com/pypa/setuptools},
    year   = {2022},
}

@online{toml,
    author = {Tom Preston-Werner},
    title  = {TOML A config file format for humans.},
    url    = {https://toml.io/en/},
    year   = {2021},
}

@online{transition,
    author = {pytransitions},
    title  = {transitions},
    url    = {https://github.com/pytransitions/transitions},
    year   = {2021},
}

@online{wheel,
    author = {Python Packaging Authority },
    title  = {wheel},
    url    = {https://github.com/pypa/wheel},
    year   = {2022},
}

@online{yolo,
    author = {Ultralytics},
    title  = {Making Artificial Intelligence Easy for the World},
    url    = {https://ultralytics.com/},
    year   = {2022},
}
